% This file was created with JabRef 2.10.
% Encoding: Cp1252


@InProceedings{Agrawal2005,
  Title                    = {{R}eusable {I}dioms and {P}atterns in {G}raph {T}ransformation {L}anguages},
  Author                   = {{A}grawal, {A}ditya},
  Booktitle                = {{I}nternational {W}orkshop on {G}raph-{B}ased {T}ools},
  Year                     = {2005},
  Pages                    = {181--192},
  Publisher                = {Elsevier},
  Series                   = {ENTCS},
  Volume                   = {127},

  File                     = {Agrawal2005.pdf:Agrawal2005.pdf:PDF}
}

@InProceedings{Arendt2010,
  Title                    = {{H}enshin: {A}dvanced {C}oncepts and {T}ools for {I}n-{P}lace {EMF} {M}odel {T}ransformations},
  Author                   = {{A}rendt, {T}horsten and {B}iermann, {E}nrico and {J}urack, {S}tefan and {K}rause, {C}hristian and {T}aentzer, {G}abriele},
  Booktitle                = {{MODELS} 2010},
  Year                     = {2010},
  Pages                    = {121--135},
  Publisher                = {Springer},
  Series                   = {LNCS},
  Volume                   = {6394},

  File                     = {Arendt2010.pdf:Arendt2010.pdf:PDF},
  Keywords                 = {AGG, Henshin}
}

@Misc{Bezivin2005,
  Title                    = {{M}odel {T}ransformation in {P}ractice {W}orkshop {A}nnouncement},

  Author                   = {{B}{\'e}zivin, {J}ean and {R}umpe, {B}ernhard and {T}ratt, {L}aurence},
  Year                     = {2005},

  Booktitle                = {{M}odel {D}riven {E}ngineering {L}anguages and {S}ystems},
  File                     = {Bezivin2005.pdf:Bezivin2005.pdf:PDF},
  Owner                    = {Ujean}
}

@Article{Czarnecki2006,
  Title                    = {{F}eature-{B}ased {S}urvey of {M}odel {T}ransformation {A}pproaches},
  Author                   = {{C}zarnecki, {K}rzysztof and {H}elsen, {S}imon},
  Journal                  = {{IBM} {S}ystems {J}ournal},
  Year                     = {2006},

  Month                    = {jul},
  Number                   = {3},
  Pages                    = {621--645},
  Volume                   = {45},

  File                     = {Czarnecki2006.pdf:Czarnecki2006.pdf:PDF},
  Owner                    = {Ujean}
}

@Book{Ehrig2006,
  Title                    = {{F}undamentals of {A}lgebraic {G}raph {T}ransformation},
  Author                   = {{E}hrig, {H}artmut and {E}hrig, {K}arsten and {P}range, {U}lrike and {T}aentzer, {G}abriele},
  Publisher                = {Springer-Verlag},
  Year                     = {2006},
  Series                   = {EATCS},

  File                     = {Ehrig2006.pdf:Ehrig2006.pdf:PDF;Ehrig2006.pdf:Ehrig2006.pdf:PDF},
  Owner                    = {Ujean},
  Pages                    = {388}
}

@InProceedings{Ergin2013,
  Title                    = {{I}dentification and {A}pplication of a {M}odel {T}ransformation {D}esign {P}attern},
  Author                   = {{E}rgin, {H}{\"u}seyin and {S}yriani, {E}ugene},
  Booktitle                = {{ACM} {S}outheast {C}onference},
  Year                     = {2013},

  Address                  = {Savannah GA},
  Month                    = {apr},
  Publisher                = {ACM},
  Series                   = {ACMSE'13}
}

@Article{Guerra2011,
  Title                    = {{E}ngineering model transformations with trans{ML}},
  Author                   = {{G}uerra, {E}sther and de {L}ara, {J}uan and {K}olovos, {D}imitrios and {P}aige, {R}ichard and dos {S}antos, {O}smar},
  Journal                  = {{S}oftware and {S}ystems {M}odeling},
  Year                     = {2013},
  Pages                    = {555-577},
  Volume                   = {12},

  File                     = {Guerra2011.pdf:Guerra2011.pdf:PDF},
  Publisher                = {Springer}
}

@InProceedings{Iacob2008,
  Title                    = {{R}eusable {M}odel {T}ransformation {P}atterns},
  Author                   = {{I}acob, {M}aria-{E}ugenia and {S}teen, {M}aarten {W}. {A}. and {H}eerink, {L}ex},
  Booktitle                = {{EDOC} {W}orkshops},
  Year                     = {2008},
  Month                    = {September},
  Pages                    = {1--10},
  Publisher                = {IEEE Computer Society},

  File                     = {Iacob2008.pdf:Iacob2008.pdf:PDF}
}

@InProceedings{Kuhne2010,
  Title                    = {{E}xplicit {T}ransformation {M}odeling},
  Author                   = {{K}{\"u}hne, {T}homas and {M}ezei, {G}ergely and {S}yriani, {E}ugene and {V}angheluwe, {H}ans and {W}immer, {M}anuel},
  Booktitle                = {{MODELS} 2009 {W}orkshops},
  Year                     = {2010},
  Pages                    = {240--255},
  Publisher                = {Springer},
  Series                   = {LNCS},
  Volume                   = {6002}
}

@Article{Lengyel2006,
  Title                    = {{M}odel {T}ransformation with a {V}isual {C}ontrol {F}low {L}anguage},
  Author                   = {{L}engyel, {L}aszl{\'o} and {L}evendovszky, {T}iham{\'e}r and {M}ezei, {G}ergely and {C}haraf, {H}assan},
  Journal                  = {{I}nternational {J}ournal of {C}omputer {S}cience},
  Year                     = {2006},
  Number                   = {1},
  Pages                    = {45--53},
  Volume                   = {1},

  File                     = {Lengyel2006.pdf:Lengyel2006.pdf:PDF;Lengyel2006.pdf:Lengyel2006.pdf:PDF},
  Keywords                 = {VMTS},
  Owner                    = {Ujean}
}

@InProceedings{Syriani2012,
  Title                    = {{C}hallenges for {A}ddressing {Q}uality {F}actors in {M}odel {T}ransformation},
  Author                   = {{S}yriani, {E}ugene and {G}ray, {J}eff},
  Booktitle                = {{S}oftware {T}esting, {V}erification and {V}alidation},
  Year                     = {2012},
  Month                    = {apr},
  Pages                    = {929--937},
  Publisher                = {IEEE},
  Series                   = {ICST'12}
}

@Article{Syriani2011,
  Title                    = {{A} {M}odular {T}imed {M}odel {T}ransformation {L}anguage},
  Author                   = {{S}yriani, {E}ugene and {V}angheluwe, {H}ans},
  Journal                  = {{J}ournal on {S}oftware and {S}ystems {M}odeling},
  Year                     = {2011},

  Month                    = {jun},
  Number                   = {2},
  Pages                    = {387--414},
  Volume                   = {12}
}

@Article{Syriani2010,
  Title                    = {{D}e-/{R}e-constructing {M}odel {T}ransformation {L}anguages},
  Author                   = {{S}yriani, {E}ugene and {V}angheluwe, {H}ans},
  Journal                  = {EASST},
  Year                     = {2010},

  Month                    = {mar},
  Volume                   = {29},

  Address                  = {Paphos},
  Booktitle                = {{I}nternational {W}orkshop on {G}raph {T}ransformation and {V}isual {M}odeling {T}echniques}
}

@Article{Varro2007,
  Title                    = {{T}he model transformation language of the {VIATRA2} framework},
  Author                   = {{V}arr{\'o}, {D}{\'a}niel and {B}alogh, {A}ndr{\'a}s},
  Journal                  = {{S}cience of {C}omputer {P}rogramming},
  Year                     = {2007},
  Number                   = {3},
  Pages                    = {214--234},
  Volume                   = {68},

  File                     = {Varro2007.pdf:Varro2007.pdf:PDF},
  Keywords                 = {Viatra},
  Owner                    = {Ujean},
  Publisher                = {Elsevier North-Holland, Inc.}
}

